@inproceedings{Jansen:2013:AAH:2492494.2501877,
 author = {Jansen, Sander E. M. and Tiest, Wouter M. Bergmann and Kappers, Astrid M. L.},
 title = {Automatic Annotation of Haptic Exploratory Procedures},
 booktitle = {Proceedings of the ACM Symposium on Applied Perception},
 series = {SAP '13},
 year = {2013},
 isbn = {978-1-4503-2262-1},
 location = {Dublin, Ireland},
 pages = {118--118},
 numpages = {1},
 url = {http://doi.acm.org/10.1145/2492494.2501877},
 doi = {10.1145/2492494.2501877},
 acmid = {2501877},
 publisher = {ACM},
 address = {New York, NY, USA},
} 


@INBOOK{7794296,
author={Haitham Abu-Rub and Mariusz Malinowski and Kamal Al-Haddad},
booktitle={Power Electronics for Renewable Energy Systems, Transportation and Industrial Applications},
title={Energy, Global Warming and Impact of Power Electronics in the Present Century},
year={2014},
pages={832-},
doi={10.1002/9781118755525.ch1},
publisher={Wiley-IEEE Press},
isbn={9781118755525},
url={http://ieeexplore.ieee.org/xpl/articleDetails.jsp?arnumber=7794296},}


@article{mccammon2002high,
  title={A high spectral resolution observation of the soft X-ray diffuse background with thermal detectors},
  author={McCammon, D and Almy, R and Apodaca, E e 1 al and Tiest, W Bergmann and Cui, W and Deiker, S and Galeazzi, Massimiliano and Juda, M and Lesser, A and Mihara, T and others},
  journal={The Astrophysical Journal},
  volume={576},
  number={1},
  pages={188},
  year={2002},
  publisher={IOP Publishing}
}




